@misc{wiki:denuvo,
    author = {Wikipedia},
    title  = {Denuvo},
    year   = 2015,
    url    = {https://en.wikipedia.org/w/index.php?title=Denuvo&oldid=689469015},
    note   = {[Online; accessed 2015-11-01]}
}

